@article{moghaddam_pentland_1997,
  title={{Probabilistic visual recognition for object recognition}},
  author={Moghaddam, B. and Pentland, A.},
  journal={{Trans. IEEE Pattern Analysis and Machine Intelligence}},
  volume={19},
  number={7},
  pages={696--710},
  year={1997}
}

@article{turk_pentland_1991,
    author = {Turk, M. and Pentland, A.},
    title = {{Eigenfaces for Recognition}},
    journal = {{Journal of Cognitive Neuroscience}},
    volume = {3},
    number = {1},
    pages = {71 -- 86},
    year = {1991}
}

@article{viola_jones_2004,
  title={{Robust Real-Time Face Detection}},
  author={Viola, P. and Jones, M.J.},
  journal={{International Journal of Computer Vision}},
  volume={57},
  number={2},
  pages={137 -- 154},
  publisher = {Kluwer},
  year={2004}
}


@misc{szeliski_2010,
	author = {Szeliski, R.},
	title = {{Computer Vision: Algorithms and Applications (August 5, 2010 draft)}},
	year = {2010},
	howpublished = {\url{http://szeliski.org/Book/}}
}

@misc{pissarenko_2003,
    author = {Pissarenko, D.},
    title = {{Eigenface-based facial recognition}},
    year = {2003},
    howpublished = {\url{http://openbio.sourceforge.net/resources/eigenfaces/eigenfaces.pdf}}
}

@misc{emami_2010,
    author = {Emami, S.},
    title = {{Face Detection and Face Recognition with Real-time Training from a Camera}},
    year = {2010},
    howpublished = {\url{http://www.shervinemami.co.cc/faceRecognition.html}}
}

@misc{mit_cbcl,
    author = {{MIT Center for Biological and Computational Learning}},
    title = {{CBCL Software: Face Data}},
    year = {2000},
    howpublished = {\url{http://cbcl.mit.edu/software-datasets/FaceData2.html}}
}

